/home/andrea/syscop_bibtex/syscop.bib